<?xml version="1.0" encoding="UTF-8"?><record xmlns="http://www.loc.gov/MARC21/slim" xmlns:cinclude="http://apache.org/cocoon/include/1.0" xmlns:zs="http://www.loc.gov/zing/srw/">
  <leader>01088cz  a2200229n  4500</leader>
  <controlfield tag="001">n  85135787 </controlfield>
  <controlfield tag="003">DLC</controlfield>
  <controlfield tag="005">20160123073840.0</controlfield>
  <controlfield tag="008">860107n| azannaabn          |n aaa      </controlfield>
  <datafield tag="010" ind1=" " ind2=" ">
    <subfield code="a">n  85135787 </subfield>
  </datafield>
  <datafield tag="035" ind1=" " ind2=" ">
    <subfield code="a">(OCoLC)oca01486574</subfield>
  </datafield>
  <datafield tag="040" ind1=" " ind2=" ">
    <subfield code="a">DLC</subfield>
    <subfield code="b">eng</subfield>
    <subfield code="e">rda</subfield>
    <subfield code="c">DLC</subfield>
    <subfield code="d">DLC</subfield>
    <subfield code="d">MoSU</subfield>
  </datafield>
  <datafield tag="046" ind1=" " ind2=" ">
    <subfield code="f">1915-05-08</subfield>
    <subfield code="g">2011-08-18</subfield>
    <subfield code="2">edtf</subfield>
  </datafield>
  <datafield tag="100" ind1="1" ind2=" ">
    <subfield code="a">Lehmann, Martin E.</subfield>
  </datafield>
  <datafield tag="370" ind1=" " ind2=" ">
    <subfield code="f">Saint Paul (Minn.)</subfield>
    <subfield code="2">naf</subfield>
  </datafield>
  <datafield tag="373" ind1=" " ind2=" ">
    <subfield code="a">Luther Northwestern Theological Seminary</subfield>
    <subfield code="2">naf</subfield>
  </datafield>
  <datafield tag="374" ind1=" " ind2=" ">
    <subfield code="a">Church historians</subfield>
  </datafield>
  <datafield tag="375" ind1=" " ind2=" ">
    <subfield code="a">male</subfield>
  </datafield>
  <datafield tag="377" ind1=" " ind2=" ">
    <subfield code="a">eng</subfield>
  </datafield>
  <datafield tag="670" ind1=" " ind2=" ">
    <subfield code="a">Luther and prayer, 1985:</subfield>
    <subfield code="b">title page (Martin E. Lehmann) page 4 of cover (Th. D., Princeton University; retired, lives in St. Paul, Minnesota)</subfield>
  </datafield>
  <datafield tag="670" ind1=" " ind2=" ">
    <subfield code="a">A biographical study of Ingwer Ludwig Nommensen (1834-1918), 1996:</subfield>
    <subfield code="b">CIP title page (Martin E. Lehmann) data sheet (born May 8, 1915)</subfield>
  </datafield>
  <datafield tag="670" ind1=" " ind2=" ">
    <subfield code="a">Pioneer press, August 22, 2011, viewed online on January 22, 2016</subfield>
    <subfield code="b">(under Obituaries: Rev. Dr. Martin E. Lehmann; died August 18, 2011, at age 96; former professor of church history and Dean of Students at Luther Northwestern Seminary in St. Paul)</subfield>
  </datafield>
</record>